% This file was created with JabRef 2.6.
% Encoding: UTF-8

@misc{dippl,
  title = {{The Design and Implementation of Probabilistic Programming Languages}},
  author = {Goodman, Noah D and Stuhlm\"{u}ller, Andreas},
  year = {2014},
  howpublished = {\url{http://dippl.org}},
  note = {Accessed: 2018-2-17}
}

@misc{probmods2,
  title = {{Probabilistic Models of Cognition}},
  edition = {Second},
  author = {Goodman, Noah D and Joshua B. Tenenbaum},
  year = {2016},
  howpublished = {\url{http://probmods.org/v2}},
  note = {Accessed: 2018-2-17}
}

@inproceedings{tessler2017warm,
  title={Warm (for winter): Comparison class understanding in vague language},
  author={Tessler, Michael Henry and Lopez-Brau, Michael and Goodman, Noah D},
  booktitle={Proceedings of CogSci},
  year={2017}
}

@article{frank2012predicting,
  title={Predicting pragmatic reasoning in language games},
  author={Frank, Michael C and Goodman, Noah D},
  journal={Science},
  volume={336},
  number={6084},
  pages={998--998},
  year={2012},
  publisher={American Association for the Advancement of Science}
}

@inproceedings{lassiter2013context,
  title={Context, scale structure, and statistics in the interpretation of positive-form adjectives},
  author={Lassiter, Daniel and Goodman, Noah D},
  booktitle={Semantics and linguistic theory},
  volume={23},
  pages={587--610},
  year={2013}
}

@article{franke2014game,
  title={Game theory and the evolution of meaning},
  author={Franke, Michael and Wagner, Elliott O},
  journal={Language and Linguistics Compass},
  volume={8},
  number={9},
  pages={359--372},
  year={2014},
  publisher={Wiley Online Library}
}

@article{jager2007evolution,
  title={The evolution of convex categories},
  author={J{\"a}ger, Gerhard},
  journal={Linguistics and Philosophy},
  volume={30},
  number={5},
  pages={551--564},
  year={2007},
  publisher={Springer}
}

@article{thomas1985evolutionarily,
  title={On evolutionarily stable sets},
  author={Thomas, Bernhard},
  journal={Journal of Mathematical Biology},
  volume={22},
  number={1},
  pages={105--115},
  year={1985},
  publisher={Springer}
}

@incollection{van2011vagueness,
  title={Vagueness and linguistics},
  author={Van Rooij, Robert},
  booktitle={Vagueness: A guide},
  pages={123--170},
  year={2011},
  publisher={Springer}
}

@incollection{steels2006experiments,
  title={How to do experiments in artificial language evolution and why},
  author={Steels, Luc},
  booktitle={The Evolution Of Language},
  pages={323--332},
  year={2006},
  publisher={World Scientific}
}

@book{lewis2008convention,
  title={Convention: A philosophical study},
  author={Lewis, David},
  year={2008},
  publisher={John Wiley \& Sons}
}

@article{barker2002dynamics,
  title={The dynamics of vagueness},
  author={Barker, Chris},
  journal={Linguistics and Philosophy},
  volume={25},
  number={1},
  pages={1--36},
  year={2002},
  publisher={Springer}
}

@inproceedings{franke2010vagueness,
  title={Vagueness, signaling and bounded rationality},
  author={Franke, Michael and J{\"a}ger, Gerhard and Van Rooij, Robert},
  booktitle={JSAI international symposium on artificial intelligence},
  pages={45--59},
  year={2010},
  organization={Springer}
}

@article{lassiter2017adjectival,
  title={Adjectival vagueness in a Bayesian model of interpretation},
  author={Lassiter, Daniel and Goodman, Noah D},
  journal={Synthese},
  volume={194},
  number={10},
  pages={3801--3836},
  year={2017},
  publisher={Springer}
}

@article{goodman2013knowledge,
  title={Knowledge and implicature: Modeling language understanding as social cognition},
  author={Goodman, Noah D and Stuhlm{\"u}ller, Andreas},
  journal={Topics in cognitive science},
  volume={5},
  number={1},
  pages={173--184},
  year={2013},
  publisher={Wiley Online Library}
}

@article{monroe2015learning,
  title={Learning in the rational speech acts model},
  author={Monroe, Will and Potts, Christopher},
  journal={arXiv preprint arXiv:1510.06807},
  year={2015}
}

@article{lipman2009language,
  title={Why is language vague?},
  author={Lipman, Barton L},
  journal={Boston University},
  year={2009},
  publisher={Citeseer}
}

@article{tesslernot,
  title={Not unreasonable: Carving vague dimensions with contraries and contradictions},
  author={Tessler, Michael Henry and Franke, Michael}
}

@article{smith1973logic,
  title={The logic of animal conflict},
  author={Smith, J Maynard and Price, George R},
  journal={Nature},
  volume={246},
  number={5427},
  pages={15},
  year={1973},
  publisher={Nature Publishing Group}
}

@article{kao2014nonliteral,
  title={Nonliteral understanding of number words},
  author={Kao, Justine T and Wu, Jean Y and Bergen, Leon and Goodman, Noah D},
  journal={Proceedings of the National Academy of Sciences},
  volume={111},
  number={33},
  pages={12002--12007},
  year={2014},
  publisher={National Acad Sciences}
}

@comment{jabref-meta: selector_publisher:}

@comment{jabref-meta: selector_author:}

@comment{jabref-meta: selector_journal:}

@comment{jabref-meta: selector_keywords:}

